@ARTICLE{a:b:c:2005,
  author={Huilin Xiong M.N.S.Swamy M.O.Ahmad},
  year={2005},
  title={Two-dimensional FLD for face recognition},
  journal={Elsevier},
  url={https://www.sciencedirect.com/science/article/abs/pii/S0031320305000130},
}

@ARTICLE{aa:bb:cc:2005,
  author={D. Bitner D. Broczkowski M. Kowol M.Krupa},
  year={2019},
  title={Image classification and convolutional neural networks},
  journal={Silesian University of Technology: Faculty of Applied Mathematics},
  url={https://github.com/dawbit/MeowFinder/blob/master/article/Artificial_Inteligence_Article.pdf},
}
